%Query Results from the ADS Database


%Retrieved 9 abstracts, starting with number 1.  Total number selected: 9.

@ARTICLE{2015MNRAS.451.1848G,
   author = {{Greisel}, N. and {Seitz}, S. and {Drory}, N. and {Bender}, R. and 
	{Saglia}, R.~P. and {Snigula}, J.},
    title = "{Photometric redshifts and model spectral energy distributions of galaxies from the SDSS-III BOSS DR10 data}",
  journal = {\mnras},
archivePrefix = "arXiv",
   eprint = {1505.01157},
 keywords = {galaxies: distances and redshifts, galaxies: evolution},
     year = 2015,
    month = aug,
   volume = 451,
    pages = {1848-1867},
      doi = {10.1093/mnras/stv1005},
   adsurl = {http://adsabs.harvard.edu/abs/2015MNRAS.451.1848G},
  adsnote = {Provided by the SAO/NASA Astrophysics Data System}
}

@ARTICLE{2014ApJ...795..110B,
   author = {{Boersma}, C. and {Bregman}, J. and {Allamandola}, L.~J.},
    title = "{Properties of Polycyclic Aromatic Hydrocarbons in the Northwest Photon Dominated Region of NGC 7023. II. Traditional PAH Analysis Using k-means as a Visualization Tool}",
  journal = {\apj},
 keywords = {astrochemistry, infrared: ISM, ISM: individual objects: NGC 7023, techniques: spectroscopic},
     year = 2014,
    month = nov,
   volume = 795,
      eid = {110},
    pages = {110},
      doi = {10.1088/0004-637X/795/2/110},
   adsurl = {http://adsabs.harvard.edu/abs/2014ApJ...795..110B},
  adsnote = {Provided by the SAO/NASA Astrophysics Data System}
}

@ARTICLE{2014MNRAS.442.3380C,
   author = {{Carrasco Kind}, M. and {Brunner}, R.~J.},
    title = "{Exhausting the information: novel Bayesian combination of photometric redshift PDFs}",
  journal = {\mnras},
archivePrefix = "arXiv",
   eprint = {1403.0044},
 keywords = {methods: data analysis, methods: statistical, surveys, galaxies: distances and redshifts, galaxies: statistics},
     year = 2014,
    month = aug,
   volume = 442,
    pages = {3380-3399},
      doi = {10.1093/mnras/stu1098},
   adsurl = {http://adsabs.harvard.edu/abs/2014MNRAS.442.3380C},
  adsnote = {Provided by the SAO/NASA Astrophysics Data System}
}

@ARTICLE{2014MNRAS.439.3526T,
   author = {{Teimoorinia}, H. and {Ellison}, S.~L.},
    title = "{Artificial neural network based calibrations for the prediction of galactic [N II] {$\lambda$}6584 and H{$\alpha$} line luminosities}",
  journal = {\mnras},
archivePrefix = "arXiv",
   eprint = {1401.7384},
 keywords = {methods: data analysis, methods: statistical, catalogues, galaxies: ISM},
     year = 2014,
    month = apr,
   volume = 439,
    pages = {3526-3540},
      doi = {10.1093/mnras/stu205},
   adsurl = {http://adsabs.harvard.edu/abs/2014MNRAS.439.3526T},
  adsnote = {Provided by the SAO/NASA Astrophysics Data System}
}

@ARTICLE{2014MNRAS.438.3409C,
   author = {{Carrasco Kind}, M. and {Brunner}, R.~J.},
    title = "{SOMz: photometric redshift PDFs with self-organizing maps and random atlas}",
  journal = {\mnras},
archivePrefix = "arXiv",
   eprint = {1312.5753},
 primaryClass = "astro-ph.IM",
 keywords = {methods: data analysis, methods: statistical, surveys, galaxies: distances and redshifts, galaxies: statistics},
     year = 2014,
    month = mar,
   volume = 438,
    pages = {3409-3421},
      doi = {10.1093/mnras/stt2456},
   adsurl = {http://adsabs.harvard.edu/abs/2014MNRAS.438.3409C},
  adsnote = {Provided by the SAO/NASA Astrophysics Data System}
}

@ARTICLE{2012ApJ...758..133S,
   author = {{Sanders}, N.~E. and {Caldwell}, N. and {McDowell}, J. and {Harding}, P.
	},
    title = "{The Metallicity Profile of M31 from Spectroscopy of Hundreds of H II Regions and PNe}",
  journal = {\apj},
archivePrefix = "arXiv",
   eprint = {1209.2251},
 primaryClass = "astro-ph.CO",
 keywords = {galaxies: abundances, galaxies: evolution, galaxies: individual: M 31, H II regions, planetary nebulae: general},
     year = 2012,
    month = oct,
   volume = 758,
      eid = {133},
    pages = {133},
      doi = {10.1088/0004-637X/758/2/133},
   adsurl = {http://adsabs.harvard.edu/abs/2012ApJ...758..133S},
  adsnote = {Provided by the SAO/NASA Astrophysics Data System}
}

@ARTICLE{2008ApJ...682..336G,
   author = {{Gordon}, K.~D. and {Engelbracht}, C.~W. and {Rieke}, G.~H. and 
	{Misselt}, K.~A. and {Smith}, J.-D.~T. and {Kennicutt}, Jr., R.~C.
	},
    title = "{The Behavior of the Aromatic Features in M101 H II Regions: Evidence for Dust Processing}",
  journal = {\apj},
archivePrefix = "arXiv",
   eprint = {0804.3223},
 keywords = {ISM: Dust, Extinction, Galaxies: Individual: Messier Number: M101, Galaxies: ISM, Galaxies: Spiral},
     year = 2008,
    month = jul,
   volume = 682,
    pages = {336-354},
      doi = {10.1086/589567},
   adsurl = {http://adsabs.harvard.edu/abs/2008ApJ...682..336G},
  adsnote = {Provided by the SAO/NASA Astrophysics Data System}
}

@ARTICLE{2007PASP..119.1133S,
   author = {{Smith}, J.~D.~T. and {Armus}, L. and {Dale}, D.~A. and {Roussel}, H. and 
	{Sheth}, K. and {Buckalew}, B.~A. and {Jarrett}, T.~H. and {Helou}, G. and 
	{Kennicutt}, Jr., R.~C.},
    title = "{Spectral Mapping Reconstruction of Extended Sources}",
  journal = {\pasp},
archivePrefix = "arXiv",
   eprint = {0708.3745},
 keywords = {Astronomical Techniques},
     year = 2007,
    month = oct,
   volume = 119,
    pages = {1133-1144},
      doi = {10.1086/522634},
   adsurl = {http://adsabs.harvard.edu/abs/2007PASP..119.1133S},
  adsnote = {Provided by the SAO/NASA Astrophysics Data System}
}

@ARTICLE{2007ApJ...656..770S,
   author = {{Smith}, J.~D.~T. and {Draine}, B.~T. and {Dale}, D.~A. and 
	{Moustakas}, J. and {Kennicutt}, Jr., R.~C. and {Helou}, G. and 
	{Armus}, L. and {Roussel}, H. and {Sheth}, K. and {Bendo}, G.~J. and 
	{Buckalew}, B.~A. and {Calzetti}, D. and {Engelbracht}, C.~W. and 
	{Gordon}, K.~D. and {Hollenbach}, D.~J. and {Li}, A. and {Malhotra}, S. and 
	{Murphy}, E.~J. and {Walter}, F.},
    title = "{The Mid-Infrared Spectrum of Star-forming Galaxies: Global Properties of Polycyclic Aromatic Hydrocarbon Emission}",
  journal = {\apj},
   eprint = {astro-ph/0610913},
 keywords = {Galaxies: Active, Galaxies: ISM, Infrared: Galaxies, Techniques: Spectroscopic},
     year = 2007,
    month = feb,
   volume = 656,
    pages = {770-791},
      doi = {10.1086/510549},
   adsurl = {http://adsabs.harvard.edu/abs/2007ApJ...656..770S},
  adsnote = {Provided by the SAO/NASA Astrophysics Data System}
}
@ARTICLE{Kohonen82,
year={1982},
issn={0340-1200},
journal={Biological Cybernetics},
volume={43},
number={1},
doi={10.1007/BF00337288},
title={Self-organized formation of topologically correct feature maps},
url={http://dx.doi.org/10.1007/BF00337288},
publisher={Springer-Verlag},
author={Kohonen, Teuvo},
pages={59-69},
language={English}
}
@article{Kohonen98,
title = "The self-organizing map ",
journal = "Neurocomputing ",
volume = "21",
number = "1â3",
pages = "1 - 6",
year = "1998",
note = "",
issn = "0925-2312",
doi = "http://dx.doi.org/10.1016/S0925-2312(98)00030-7",
url = "http://www.sciencedirect.com/science/article/pii/S0925231298000307",
author = "Teuvo Kohonen",
keywords = "Self-organizing map",
keywords = "Learning vector quantization ",
abstract = "An overview of the self-organizing map algorithm, on which the papers in this issue are based, is presented in this article. "
}
